% Bigler, J., Boedigheimer, M., Schofield, J.P.R., et al. 2017. A Severe Asthma Disease Signature from Gene Expression Profiling of Peripheral Blood from U-BIOPRED Cohorts. American Journal of Respiratory and Critical Care Medicine 195, 10, 1311-1320.
% Chatkin, J., Correa, L., and Santos, U. 2022. External Environmental Pollution as a Risk Factor for Asthma. Clinical Reviews in Allergy & Immunology 62, 1, 72-89.
% Checkley, W. 2019. What have we learnt from studies on the association between urbanisation and asthma prevalence? Thorax 74, 11, 1011-1012.
% Clough, E. and Barrett, T. 2016. The Gene Expression Omnibus Database. In: E. Mathé and S. Davis, eds., Statistical Genomics: Methods and Protocols. Springer, New York, NY, 93-110.
% Cremades-Jimeno, L., de Pedro, M.A., Lopez-Ramos, M., et al. 2021. Prioritizing Molecular Biomarkers in Asthma and Respiratory Allergy Using Systems Biology. Frontiers in Immunology 12.
% [Bibtex] Demšar, J., Curk, T., Erjavec, A., et al. 2013. Orange: Data Mining Toolbox in Python. Journal of Machine Learning Research 14, 71, 2349-2353.
% Dweik, R.A., Boggs, P.B., Erzurum, S.C., et al. 2011. An Official ATS Clinical Practice Guideline: Interpretation of Exhaled Nitric Oxide Levels (FeNO) for Clinical Applications. American Journal of Respiratory and Critical Care Medicine 184, 5, 602-615.
% Fawcett, K.A., Demidov, G., Shrine, N., et al. 2022. Exome-wide analysis of copy number variation shows association of the human leukocyte antigen region with asthma in UK Biobank. BMC Medical Genomics 15, 119.
% Ghosh, D. 2002. Singular value decomposition regression models for classification of tumors from microarray experiments. Pacific Symposium on Biocomputing. Pacific Symposium on Biocomputing, 18-29.
% Goldin, J., Hashmi, M.F., and Cataletto, M.E. 2025. Asthma. In: StatPearls. StatPearls Publishing, Treasure Island (FL).
% Hamid, Q., Tulic’, M.K., Liu, M.C., and Moqbel, R. 2003. Inflammatory cells in asthma: mechanisms and implications for therapy. The Journal of Allergy and Clinical Immunology 111, 1 Suppl, S5-S12; discussion S12-17.
% Jakiela, B., Soja, J., Sladek, K., et al. 2023. Bronchial epithelial cell transcriptome shows endotype heterogeneity of asthma in patients with NSAID-exacerbated respiratory disease. Journal of Allergy and Clinical Immunology 151, 4, 953-965.
% Jurkiewicz, M.M., Mueller-Alcazar, A., Moser, D.A., et al. 2021. Integrated microRNA and mRNA gene expression in peripheral blood mononuclear cells in response to acute psychosocial stress: a repeated-measures within-subject pilot study. BMC Research Notes 14, 222.
% Leslie, E., Miller, M., Lafuze, A., Svyatskaya, S., Choi, G.-S., and Broide, D.H. 2024. PGAP3 regulates human bronchial epithelial cell mRNAs present in asthma and respiratory virus reference data sets. medRxiv, 2024.07.03.24309917.
% Liu, L., Yang, C., Li, Y., et al. 2025. EPAS1 amplifies asthma pathogenesis through JAK2/STAT3-mediated ferroptosis and inflammation. Biomolecules and Biomedicine.
% Liu, X.-Y., Wu, S.-B., Zeng, W.-Q., Yuan, Z.-J., and Xu, H.-B. 2020. LogSum + L2 penalized logistic regression model for biomarker selection and cancer classification. Scientific Reports 10, 1, 22125.
% Marcolino, L.S., Couto, B.R., and dos Santos, M.A. 2010. Genome visualization in space. Springer, 225-232.
% Modena, B.D., Bleecker, E.R., Busse, W.W., et al. 2017. Gene Expression Correlated with Severe Asthma Characteristics Reveals Heterogeneous Mechanisms of Severe Disease. American Journal of Respiratory and Critical Care Medicine 195, 11, 1449-1463.
% Mohammed, I., Elbashir, M.K., and Faggad, A.S. 2024. Singular Value Decomposition-Based Penalized Multinomial Regression for Classifying Imbalanced Medulloblastoma Subgroups Using Methylation Data. Journal of Computational Biology: A Journal of Computational Molecular Cell Biology 31, 5, 458-471.
% Morais-Rodrigues, F., Silv́erio-Machado, R., Kato, R.B., et al. 2020. Analysis of the microarray gene expression for breast cancer progression after the application modified logistic regression. Gene 726, 144168.
% Mori, Y., Yokota, H., Hoshino, I., et al. 2021. Deep learning-based gene selection in comprehensive gene analysis in pancreatic cancer. Scientific Reports 11, 1, 16521.
% Ni, R., Su, H., Burnett, R.T., Guo, Y., and Cheng, Y. 2024. Long-term exposure to PM2.5 has significant adverse effects on childhood and adult asthma: A global meta-analysis and health impact assessment. One Earth 7, 11, 1953-1969.
% Orsmark-Pietras, C., James, A., Konradsen, J.R., et al. 2013. Transcriptome analysis reveals upregulation of bitter taste receptors in severe asthmatics. The European Respiratory Journal 42, 1, 65-78.
% Price, D.B., Rigazio, A., Campbell, J.D., et al. 2015. Blood eosinophil count and prospective annual asthma disease burden: a UK cohort study. The Lancet Respiratory Medicine 3, 11, 849-858.
% Ren, Y., Liu, Y., Wang, S., et al. 2021. Zhike pingchuan granules improve bronchial asthma by regulating the IL-6/JAK2/STAT3 pathway. Experimental and Therapeutic Medicine 22, 2, 899.
% Skloot, G.S. 2016. Asthma phenotypes and endotypes: a personalized approach to treatment. Current Opinion in Pulmonary Medicine 22, 1, 3-9.
% Vos, T., Lim, S.S., Abbafati, C., et al. 2020. Global burden of 369 diseases and injuries in 204 countries and territories, 1990-2019: a systematic analysis for the Global Burden of Disease Study 2019. The Lancet 396, 10258, 1204-1222.
% Zheng, X.-Y., Xu, Y.-J., Guan, W.-J., and Lin, L.-F. 2018. Regional, age and respiratory-secretion-specific prevalence of respiratory viruses associated with asthma exacerbation: a literature review. Archives of Virology 163, 4, 845-853.

% ---
% Bigler, J., Boedigheimer, M., Schofield, J.P.R., et al. 2017. A Severe Asthma Disease Signature from Gene Expression Profiling of Peripheral Blood from U-BIOPRED Cohorts. American Journal of Respiratory and Critical Care Medicine 195, 10, 1311-1320.
% Chatkin, J., Correa, L., and Santos, U. 2022. External Environmental Pollution as a Risk Factor for Asthma. Clinical Reviews in Allergy & Immunology 62, 1, 72-89.
% Checkley, W. 2019. What have we learnt from studies on the association between urbanisation and asthma prevalence? Thorax 74, 11, 1011-1012.
% Clough, E. and Barrett, T. 2016. The Gene Expression Omnibus Database. In: E. Mathé and S. Davis, eds., Statistical Genomics: Methods and Protocols. Springer, New York, NY, 93-110.
% Cremades-Jimeno, L., de Pedro, M.A., Lopez-Ramos, M., et al. 2021. Prioritizing Molecular Biomarkers in Asthma and Respiratory Allergy Using Systems Biology. Frontiers in Immunology 12.
% [Bibtex] Demšar, J., Curk, T., Erjavec, A., et al. 2013. Orange: Data Mining Toolbox in Python. Journal of Machine Learning Research 14, 71, 2349-2353.
% Dweik, R.A., Boggs, P.B., Erzurum, S.C., et al. 2011. An Official ATS Clinical Practice Guideline: Interpretation of Exhaled Nitric Oxide Levels (FeNO) for Clinical Applications. American Journal of Respiratory and Critical Care Medicine 184, 5, 602-615.
% Fawcett, K.A., Demidov, G., Shrine, N., et al. 2022. Exome-wide analysis of copy number variation shows association of the human leukocyte antigen region with asthma in UK Biobank. BMC Medical Genomics 15, 119.
% Ghosh, D. 2002. Singular value decomposition regression models for classification of tumors from microarray experiments. Pacific Symposium on Biocomputing. Pacific Symposium on Biocomputing, 18-29.
% Goldin, J., Hashmi, M.F., and Cataletto, M.E. 2025. Asthma. In: StatPearls. StatPearls Publishing, Treasure Island (FL).
% Hamid, Q., Tulic’, M.K., Liu, M.C., and Moqbel, R. 2003. Inflammatory cells in asthma: mechanisms and implications for therapy. The Journal of Allergy and Clinical Immunology 111, 1 Suppl, S5-S12; discussion S12-17.
% Jakiela, B., Soja, J., Sladek, K., et al. 2023. Bronchial epithelial cell transcriptome shows endotype heterogeneity of asthma in patients with NSAID-exacerbated respiratory disease. Journal of Allergy and Clinical Immunology 151, 4, 953-965.
% Jurkiewicz, M.M., Mueller-Alcazar, A., Moser, D.A., et al. 2021. Integrated microRNA and mRNA gene expression in peripheral blood mononuclear cells in response to acute psychosocial stress: a repeated-measures within-subject pilot study. BMC Research Notes 14, 222.
% Leslie, E., Miller, M., Lafuze, A., Svyatskaya, S., Choi, G.-S., and Broide, D.H. 2024. PGAP3 regulates human bronchial epithelial cell mRNAs present in asthma and respiratory virus reference data sets. medRxiv, 2024.07.03.24309917.
% Liu, L., Yang, C., Li, Y., et al. 2025. EPAS1 amplifies asthma pathogenesis through JAK2/STAT3-mediated ferroptosis and inflammation. Biomolecules and Biomedicine.
% Liu, X.-Y., Wu, S.-B., Zeng, W.-Q., Yuan, Z.-J., and Xu, H.-B. 2020. LogSum + L2 penalized logistic regression model for biomarker selection and cancer classification. Scientific Reports 10, 1, 22125.
% Marcolino, L.S., Couto, B.R., and dos Santos, M.A. 2010. Genome visualization in space. Springer, 225-232.
% Modena, B.D., Bleecker, E.R., Busse, W.W., et al. 2017. Gene Expression Correlated with Severe Asthma Characteristics Reveals Heterogeneous Mechanisms of Severe Disease. American Journal of Respiratory and Critical Care Medicine 195, 11, 1449-1463.
% Mohammed, I., Elbashir, M.K., and Faggad, A.S. 2024. Singular Value Decomposition-Based Penalized Multinomial Regression for Classifying Imbalanced Medulloblastoma Subgroups Using Methylation Data. Journal of Computational Biology: A Journal of Computational Molecular Cell Biology 31, 5, 458-471.
% Morais-Rodrigues, F., Silv́erio-Machado, R., Kato, R.B., et al. 2020. Analysis of the microarray gene expression for breast cancer progression after the application modified logistic regression. Gene 726, 144168.
% Mori, Y., Yokota, H., Hoshino, I., et al. 2021. Deep learning-based gene selection in comprehensive gene analysis in pancreatic cancer. Scientific Reports 11, 1, 16521.
% Ni, R., Su, H., Burnett, R.T., Guo, Y., and Cheng, Y. 2024. Long-term exposure to PM2.5 has significant adverse effects on childhood and adult asthma: A global meta-analysis and health impact assessment. One Earth 7, 11, 1953-1969.
% Orsmark-Pietras, C., James, A., Konradsen, J.R., et al. 2013. Transcriptome analysis reveals upregulation of bitter taste receptors in severe asthmatics. The European Respiratory Journal 42, 1, 65-78.
% Price, D.B., Rigazio, A., Campbell, J.D., et al. 2015. Blood eosinophil count and prospective annual asthma disease burden: a UK cohort study. The Lancet Respiratory Medicine 3, 11, 849-858.
% Ren, Y., Liu, Y., Wang, S., et al. 2021. Zhike pingchuan granules improve bronchial asthma by regulating the IL-6/JAK2/STAT3 pathway. Experimental and Therapeutic Medicine 22, 2, 899.
% Skloot, G.S. 2016. Asthma phenotypes and endotypes: a personalized approach to treatment. Current Opinion in Pulmonary Medicine 22, 1, 3-9.
% Vos, T., Lim, S.S., Abbafati, C., et al. 2020. Global burden of 369 diseases and injuries in 204 countries and territories, 1990-2019: a systematic analysis for the Global Burden of Disease Study 2019. The Lancet 396, 10258, 1204-1222.
% Zheng, X.-Y., Xu, Y.-J., Guan, W.-J., and Lin, L.-F. 2018. Regional, age and respiratory-secretion-specific prevalence of respiratory viruses associated with asthma exacerbation: a literature review. Archives of Virology 163, 4, 845-853.

% ---

@article{bigler_severe_2017,
  author   = {Bigler, Jeannette and Boedigheimer, Michael and Schofield, James P. R. and Skipp, Paul J. and Corfield, Julie and Rowe, Anthony and Sousa, Ana R. and Timour, Martin and Twehues, Lori and Hu, Xuguang and Roberts, Graham and Welcher, Andrew A. and Yu, Wen and Lefaudeux, Diane and Meulder, Bertrand De and Auffray, Charles and Chung, Kian F. and Adcock, Ian M. and Sterk, Peter J. and Djukanović, Ratko},
  doi      = {10.1164/rccm.201604-0866oc},
  issn     = {1073-449X, 1535-4970},
  journal  = {Am J Respir Crit Care Med},
  language = {en},
  month    = may,
  note     = {Publisher: American Thoracic Society},
  number   = {10},
  pages    = {1311--1320},
  title    = {A Severe Asthma Disease Signature from Gene Expression Profiling of Peripheral Blood from U-BIOPRED Cohorts},
  url      = {https://www.atsjournals.org/doi/10.1164/rccm.201604-0866OC},
  urldate  = {2025-07-20},
  volume   = {195},
  year     = {2017}
}

@article{chatkin_external_2022,
  author    = {Chatkin, Jose and Correa, Liana and Santos, Ubiratan},
  copyright = {https://www.springernature.com/gp/researchers/text-and-data-mining},
  doi       = {10.1007/s12016-020-08830-5},
  issn      = {1080-0549, 1559-0267},
  journal   = {Clinic Rev Allerg Immunol},
  language  = {en},
  month     = feb,
  note      = {Publisher: Springer Science and Business Media LLC},
  number    = {1},
  pages     = {72--89},
  title     = {External Environmental Pollution as a Risk Factor for Asthma},
  url       = {https://link.springer.com/10.1007/s12016-020-08830-5},
  urldate   = {2025-07-20},
  volume    = {62},
  year      = {2022}
}

@article{checkley_what_2019,
  author   = {Checkley, William},
  doi      = {10.1136/thoraxjnl-2019-213319},
  issn     = {0040-6376, 1468-3296},
  journal  = {Thorax},
  language = {en},
  month    = nov,
  note     = {Publisher: BMJ},
  number   = {11},
  pages    = {1011--1012},
  title    = {What have we learnt from studies on the association between urbanisation and asthma prevalence?},
  url      = {https://thorax.bmj.com/lookup/doi/10.1136/thoraxjnl-2019-213319},
  urldate  = {2025-07-20},
  volume   = {74},
  year     = {2019}
}

@incollection{clough_gene_2016,
  author       = {Emily Clough AND Tanya Barrett},
  address      = {New York, NY},
  booktitle    = {Methods in Molecular Biology},
  collaborator = {Clough, Emily and Barrett, Tanya},
  copyright    = {http://www.springer.com/tdm},
  doi          = {10.1007/978-1-4939-3578-9_5},
  isbn         = {978-1-4939-3576-5 978-1-4939-3578-9},
  note         = {ISSN: 1064-3745, 1940-6029},
  pages        = {93--110},
  publisher    = {Springer New York},
  title        = {The Gene Expression Omnibus Database},
  url          = {http://link.springer.com/10.1007/978-1-4939-3578-9_5},
  urldate      = {2025-07-20},
  year         = {2016}
}

@article{cremades-jimeno_prioritizing_2021,
  author    = {Cremades-Jimeno, Luc\'ia and De Pedro, Mar\'ia \'Angeles and L\'opez-Ramos, Mar\'ia and Sastre, Joaqu\'in and M\'inguez, Pablo and Fern\'andez, Ignacio Mahillo and Baos, Selene and C\'ardaba, Blanca},
  copyright = {https://creativecommons.org/licenses/by/4.0/},
  doi       = {10.3389/fimmu.2021.640791},
  file      = {Texto completo:files/192/Cremades-Jimeno et al. - 2021 - Prioritizing Molecular Biomarkers in Asthma and Respiratory Allergy Using Systems Biology.pdf:application/pdf},
  issn      = {1664-3224},
  journal   = {Front. Immunol.},
  month     = apr,
  note      = {Publisher: Frontiers Media SA},
  title     = {Prioritizing Molecular Biomarkers in Asthma and Respiratory Allergy Using Systems Biology},
  url       = {https://www.frontiersin.org/articles/10.3389/fimmu.2021.640791/full},
  urldate   = {2025-07-20},
  volume    = {12},
  year      = {2021}
}

@article{demsar_2013,
  abstract   = {Orange is a machine learning and data mining suite for data analysis through Python scripting and visual programming. Here we report on the scripting part, which features interactive data analysis and component-based assembly of data mining procedures. In the selection and design of components, we focus on the flexibility of their reuse: our principal intention is to let the user write simple and clear scripts in Python, which build upon C++ implementations of computationally-intensive tasks. Orange is intended both for experienced users and programmers, as well as for students of data mining.},
  author     = {Dem\v{s}ar, Janez and Curk, Toma\v{z} and Erjavec, Ale\v{s} and Gorup, \v{C}rt and Ho\v{c}evar, Toma\v{z} and Milutinovi\v{c}, Mitar and Mo\v{z}ina, Martin and Polajnar, Matija and Toplak, Marko and Stari\v{c}, An\v{z}e and \v{S}tajdohar, Miha and Umek, Lan and \v{Z}agar, Lan and \v{Z}bontar, Jure and \v{Z}itnik, Marinka and Zupan, Bla\v{z}},
  issn       = {1532-4435},
  issue_date = {January 2013},
  journal    = {J. Mach. Learn. Res.},
  keywords   = {toolbox, scripting, python, machine learning, data mining},
  month      = jan,
  number     = {1},
  numpages   = {5},
  pages      = {2349-2353},
  publisher  = {JMLR.org},
  title      = {Orange: data mining toolbox in python},
  volume     = {14},
  year       = {2013}
}

@article{dweik_official_2011,
  author     = {Dweik, Raed A. and Boggs, Peter B. and Erzurum, Serpil C. and Irvin, Charles G. and Leigh, Margaret W. and Lundberg, Jon O. and Olin, Anna-Carin and Plummer, Alan L. and Taylor, D. Robin and on behalf of the American Thoracic Society Committee on Interpretation of Exhaled Nitric Oxide Levels (Fe) for Clinical Applications},
  doi        = {10.1164/rccm.9120-11st},
  file       = {Texto completo:files/195/Dweik et al. - 2011 - An Official ATS Clinical Practice Guideline Interpretation of Exhaled Nitric Oxide Levels Fspan s.pdf:application/pdf},
  issn       = {1073-449X, 1535-4970},
  journal    = {Am J Respir Crit Care Med},
  language   = {en},
  month      = sep,
  note       = {Publisher: American Thoracic Society},
  number     = {5},
  pages      = {602--615},
  shorttitle = {An Official ATS Clinical Practice Guideline},
  title      = {An Official ATS Clinical Practice Guideline: Interpretation of Exhaled Nitric Oxide Levels (FENO) for Clinical Applications},
  url        = {https://www.atsjournals.org/doi/10.1164/rccm.9120-11ST},
  urldate    = {2025-07-20},
  volume     = {184},
  year       = {2011}
}

@article{fawcett_exome-wide_2022,
  author    = {Fawcett, Katherine A. and Demidov, German and Shrine, Nick and Paynton, Megan L. and Ossowski, Stephan and Sayers, Ian and Wain, Louise V. and Hollox, Edward J.},
  copyright = {https://creativecommons.org/licenses/by/4.0},
  doi       = {10.1186/s12920-022-01268-y},
  file      = {Texto completo:files/197/Fawcett et al. - 2022 - Exome-wide analysis of copy number variation shows association of the human leukocyte antigen region.pdf:application/pdf},
  issn      = {1755-8794},
  journal   = {BMC Med Genomics},
  language  = {en},
  month     = dec,
  note      = {Publisher: Springer Science and Business Media LLC},
  number    = {1},
  title     = {Exome-wide analysis of copy number variation shows association of the human leukocyte antigen region with asthma in UK Biobank},
  url       = {https://bmcmedgenomics.biomedcentral.com/articles/10.1186/s12920-022-01268-y},
  urldate   = {2025-07-20},
  volume    = {15},
  year      = {2022}
}

@article{ghosh_singular_2002,
  author   = {Ghosh, Debashis},
  issn     = {2335-6928},
  journal  = {Pac Symp Biocomput},
  keywords = {Breast Neoplasms, Cluster Analysis, Female, Gene Expression Profiling, Genes, BRCA1, Genes, BRCA2, Humans, Models, Statistical, Neoplasms, Oligonucleotide Array Sequence Analysis, Regression Analysis},
  language = {eng},
  pages    = {18--29},
  pmid     = {11928474},
  title    = {Singular value decomposition regression models for classification of tumors from microarray experiments},
  year     = {2002}
}

@incollection{goldin_asthma_2025,
  address   = {Treasure Island (FL)},
  author    = {Goldin, Jennifer and Hashmi, Muhammad F. and Cataletto, Mary E.},
  booktitle = {StatPearls},
  copyright = {Copyright © 2025, StatPearls Publishing LLC.},
  file      = {Printable HTML:files/202/NBK430901.html:text/html},
  language  = {eng},
  pmid      = {28613651},
  publisher = {StatPearls Publishing},
  title     = {Asthma},
  url       = {http://www.ncbi.nlm.nih.gov/books/NBK430901/},
  urldate   = {2025-07-20},
  year      = {2025}
}

@article{hamid_inflammatory_2003,
  author     = {Hamid, Qutayba and Tulic', Meri K. and Liu, Mark C. and Moqbel, Redwan},
  doi        = {10.1067/mai.2003.22},
  file       = {Texto completo:files/207/Hamid et al. - 2003 - Inflammatory cells in asthma mechanisms and implications for therapy.pdf:application/pdf},
  issn       = {0091-6749},
  journal    = {J Allergy Clin Immunol},
  keywords   = {Anti-Asthmatic Agents, Antibodies, Anti-Idiotypic, Asthma, Basophils, Cytokines, Eosinophils, Histamine Antagonists, Humans, Inflammation, Leukotriene Antagonists, Leukotrienes, Macrophages, Mast Cells},
  language   = {eng},
  month      = jan,
  number     = {1 Suppl},
  pages      = {S5--S12; discussion S12--17},
  pmid       = {12532083},
  shorttitle = {Inflammatory cells in asthma},
  title      = {Inflammatory cells in asthma: mechanisms and implications for therapy},
  volume     = {111},
  year       = {2003}
}

@article{hernandez_2019,
  author    = {Hernandez-Pacheco, Natalia and Farzan, Niloufar and Francis, Ben and Karimi, Leila and Repnik, Katja and Vijverberg, Susanne J. and Soares, Patricia and Schieck, Maximilian and Gorenjak, Mario and Forno, Erick and Eng, Celeste and Oh, Sam S. and Pérez-Méndez, Lina and Berce, Vojko and Tavendale, Roger and Samedy, Lesly-Anne and Hunstman, Scott and Hu, Donglei and Meade, Kelley and Farber, Harold J. and Avila, Pedro C. and Serebrisky, Denise and Thyne, Shannon M. and Brigino-Buenaventura, Emerita and Rodriguez-Cintron, William and Sen, Saunak and Kumar, Rajesh and Lenoir, Michael and Rodriguez-Santana, Jose R. and Celedón, Juan C. and Mukhopadhyay, Somnath and Potočnik, Uroš and Pirmohamed, Munir and Verhamme, Katia M. and Kabesch, Michael and Palmer, Colin N. A. and Hawcutt, Daniel B. and Flores, Carlos and Maitland-van Der Zee, Anke H. and Burchard, Esteban G. and Pino-Yanes, Maria},
  copyright = {http://onlinelibrary.wiley.com/termsAndConditions\#vor},
  doi       = {10.1111/cea.13354},
  issn      = {0954-7894, 1365-2222},
  journal   = {Clin Experimental Allergy},
  language  = {en},
  month     = jun,
  note      = {Publisher: Wiley},
  number    = {6},
  pages     = {789--798},
  title     = {Genome-wide association study of inhaled corticosteroid response in admixed children with asthma},
  url       = {https://onlinelibrary.wiley.com/doi/10.1111/cea.13354},
  urldate   = {2025-07-21},
  volume    = {49},
  year      = {2019}
}

@article{jakiela_bronchial_2023,
  author   = {Jakiela, Bogdan and Soja, Jerzy and Sladek, Krzysztof and Przybyszowski, Marek and Plutecka, Hanna and Gielicz, Anna and Licholai, Sabina and Aab, Alar and Rebane, Ana and Bochenek, Grazyna},
  doi      = {10.1016/j.jaci.2022.10.029},
  issn     = {1097-6825},
  journal  = {J Allergy Clin Immunol},
  keywords = {Anti-Inflammatory Agents, Non-Steroidal, Asthma, asthma endotypes, bronchial epithelium, Epithelial Cells, gene expression, Humans, Interleukin-17, NSAID-exacerbated respiratory disease, Respiration Disorders, Respiratory Tract Diseases, Transcriptome},
  language = {eng},
  month    = apr,
  number   = {4},
  pages    = {953--965},
  pmid     = {36395984},
  title    = {Bronchial epithelial cell transcriptome shows endotype heterogeneity of asthma in patients with NSAID-exacerbated respiratory disease},
  volume   = {151},
  year     = {2023}
}

@article{jurkiewicz_integrated_2021,
  author     = {Jurkiewicz, Magdalena Maria and Mueller-Alcazar, Anett and Moser, Dirk Alexander and Jayatilaka, Indralatha and Mikhailik, Anatoly and Ferri, Jamie and Fogelman, Nia and Canli, Turhan},
  doi        = {10.1186/s13104-021-05635-3},
  file       = {Texto completo:files/213/Jurkiewicz et al. - 2021 - Integrated microRNA and mRNA gene expression in peripheral blood mononuclear cells in response to ac.pdf:application/pdf},
  issn       = {1756-0500},
  journal    = {BMC Res Notes},
  keywords   = {Gene expression, Gene Expression, Humans, Hydrocortisone, Inflammation, Leukocytes, Mononuclear, microRNA, MicroRNAs, mRNA, Pilot Projects, Psychosocial stress, RNA, Messenger, Saliva, Stress, Stress, Psychological},
  language   = {eng},
  month      = jun,
  number     = {1},
  pages      = {222},
  pmcid      = {PMC8176593},
  pmid       = {34082815},
  shorttitle = {Integrated microRNA and mRNA gene expression in peripheral blood mononuclear cells in response to acute psychosocial stress},
  title      = {Integrated microRNA and mRNA gene expression in peripheral blood mononuclear cells in response to acute psychosocial stress: a repeated-measures within-subject pilot study},
  volume     = {14},
  year       = {2021}
}

@article{lee_2022,
  author    = {Lee, Mingyu and Lim, Suha and Kim, Yi Sook and Khalmuratova, Roza and Shin, Seung-Hyun and Kim, Iljin and Kim, Hyun-Jik and Kim, Dong-Young and Rhee, Chae-Seo and Park, Jong-Wan and Shin, Hyun-Woo},
  copyright = {https://www.elsevier.com/tdm/userlicense/1.0/},
  doi       = {10.1016/j.jaci.2021.04.024},
  issn      = {0091-6749},
  journal   = {Journal of Allergy and Clinical Immunology},
  language  = {en},
  month     = jan,
  note      = {Publisher: Elsevier BV},
  number    = {1},
  pages     = {340--357},
  title     = {DEP-induced ZEB2 promotes nasal polyp formation via epithelial-to-mesenchymal transition},
  url       = {https://linkinghub.elsevier.com/retrieve/pii/S0091674921007193},
  urldate   = {2025-07-21},
  volume    = {149},
  year      = {2022}
}

@article{leslie_pgap3_2024,
  author   = {Leslie, Eric and Miller, Marina and Lafuze, Allison and Svyatskaya, Sofya and Choi, Gil-Soon and Broide, David H.},
  doi      = {10.1101/2024.07.03.24309917},
  file     = {Full Text PDF:files/216/Leslie et al. - 2024 - PGAP3 regulates human bronchial epithelial cell mRNAs present in asthma and respiratory virus refere.pdf:application/pdf},
  journal  = {medRxiv},
  keywords = {Asthma, BST2, chromosome 17q12-21, GPI-anchored protein, IFN-λ, influenza, OASL, rhinovirus, RIG-I signaling pathway, RNA-sequencing data sets, RSAD2, RSV},
  language = {eng},
  month    = jul,
  pages    = {2024.07.03.24309917},
  pmcid    = {PMC11245055},
  pmid     = {39006429},
  title    = {PGAP3 regulates human bronchial epithelial cell mRNAs present in asthma and respiratory virus reference data sets},
  year     = {2024}
}

@article{liu_epas1_2025,
  author    = {Liu, Lili and Yang, Cheng and Li, Yan and Zhou, Hao and Shi, Mei and Shi, Tiantian and Shi, Weibing},
  copyright = {https://creativecommons.org/licenses/by/4.0},
  doi       = {10.17305/bb.2025.11334},
  file      = {Full Text PDF:files/222/Liu et al. - 2025 - EPAS1 amplifies asthma pathogenesis through JAK2STAT3-mediated ferroptosis and inflammation.pdf:application/pdf},
  issn      = {2831-090X, 2831-0896},
  journal   = {Biomol Biomed},
  month     = mar,
  note      = {Publisher: Association of Basic Medical Sciences of FBIH},
  title     = {EPAS1 amplifies asthma pathogenesis through JAK2/STAT3-mediated ferroptosis and inflammation},
  url       = {https://www.bjbms.org/ojs/index.php/bjbms/article/view/11334},
  urldate   = {2025-07-20},
  year      = {2025}
}

@article{liu_logsum_2020,
  author   = {Liu, Xiao-Ying and Wu, Sheng-Bing and Zeng, Wen-Quan and Yuan, Zhan-Jiang and Xu, Hong-Bo},
  doi      = {10.1038/s41598-020-79028-0},
  file     = {Texto completo:files/220/Liu et al. - 2020 - LogSum + L2 penalized logistic regression model for biomarker selection and cancer classification.pdf:application/pdf},
  issn     = {2045-2322},
  journal  = {Sci Rep},
  keywords = {Algorithms, Biomarkers, Tumor, Computational Biology, Humans, Logistic Models, Neoplasms},
  language = {eng},
  month    = dec,
  number   = {1},
  pages    = {22125},
  pmcid    = {PMC7747646},
  pmid     = {33335163},
  title    = {LogSum + L2 penalized logistic regression model for biomarker selection and cancer classification},
  volume   = {10},
  year     = {2020}
}

@incollection{marcolino_genome_2010,
  address   = {Berlin, Heidelberg},
  author    = {Marcolino, Leandro S. and Couto, Br\'aulio R. G. M. and Dos Santos, Marcos A.},
  booktitle = {Advances in Intelligent and Soft Computing},
  doi       = {10.1007/978-3-642-13214-8_29},
  isbn      = {978-3-642-13213-1 978-3-642-13214-8},
  note      = {ISSN: 1867-5662, 1867-5670},
  pages     = {225--232},
  publisher = {Springer Berlin Heidelberg},
  title     = {Genome Visualization in Space},
  url       = {http://link.springer.com/10.1007/978-3-642-13214-8_29},
  urldate   = {2025-07-20},
  year      = {2010}
}

@article{modena_gene_2017,
  author   = {Modena, Brian D. and Bleecker, Eugene R. and Busse, William W. and Erzurum, Serpil C. and Gaston, Benjamin M. and Jarjour, Nizar N. and Meyers, Deborah A. and Milosevic, Jadranka and Tedrow, John R. and Wu, Wei and Kaminski, Naftali and Wenzel, Sally E.},
  doi      = {10.1164/rccm.201607-1407OC},
  file     = {Texto completo:files/229/Modena et al. - 2017 - Gene Expression Correlated with Severe Asthma Characteristics Reveals Heterogeneous Mechanisms of Se.pdf:application/pdf},
  issn     = {1535-4970},
  journal  = {Am J Respir Crit Care Med},
  keywords = {Adult, Asthma, bronchial epithelial cells, Female, gene expression, Gene Expression, Humans, Male, mechanisms, Middle Aged, networks, severe asthma, Severity of Illness Index},
  language = {eng},
  month    = jun,
  number   = {11},
  pages    = {1449--1463},
  pmcid    = {PMC5470748},
  pmid     = {27984699},
  title    = {Gene Expression Correlated with Severe Asthma Characteristics Reveals Heterogeneous Mechanisms of Severe Disease},
  volume   = {195},
  year     = {2017}
}

@article{mohammed_singular_2024,
  author   = {Mohammed, Isra and Elbashir, Murtada K. and Faggad, Areeg S.},
  doi      = {10.1089/cmb.2023.0198},
  issn     = {1557-8666},
  journal  = {J Comput Biol},
  keywords = {Algorithms, Cerebellar Neoplasms, Computational Biology, DNA Methylation, DNA methylation data, Humans, Medulloblastoma, medulloblastoma subgroups, multi-class imbalance, multinomial regression, singular value decomposition},
  language = {eng},
  month    = may,
  number   = {5},
  pages    = {458--471},
  pmid     = {38752890},
  title    = {Singular Value Decomposition-Based Penalized Multinomial Regression for Classifying Imbalanced Medulloblastoma Subgroups Using Methylation Data},
  volume   = {31},
  year     = {2024}
}

@article{morais-rodrigues_analysis_2020,
  author   = {Morais-Rodrigues, Francielly and Silv\'erio-Machado, Rita and Kato, Rodrigo Bentes and Rodrigues, Diego Lucas Neres and Valdez-Baez, Juan and Fonseca, Vagner and San, Emmanuel James and Gomes, Lucas Gabriel Rodrigues and Dos Santos, Roselane Gonçalves and Vinicius Canário Viana, Marcus and da Cruz Ferraz Dutra, Joyce and Teixeira Dornelles Parise, Mariana and Parise, Doglas and Campos, Frederico F. and de Souza, Sandro J. and Ortega, Jos\'e Miguel and Barh, Debmalya and Ghosh, Preetam and Azevedo, Vasco A. C. and Dos Santos, Marcos A.},
  doi      = {10.1016/j.gene.2019.144168},
  file     = {Full Text PDF:files/234/Morais-Rodrigues et al. - 2020 - Analysis of the microarray gene expression for breast cancer progression after the application modif.pdf:application/pdf},
  issn     = {1879-0038},
  journal  = {Gene},
  keywords = {Biomarkers, Tumor, Breast Neoplasms, Cell Line, Tumor, Disease Progression, Female, Gene Expression Profiling, Gene Expression Regulation, Neoplastic, Gene Regulatory Networks, GRN, Humans, Logistic Models, MCF-7, MCF-7 Cells, New logistic regression-based model, Oligonucleotide Array Sequence Analysis, Oncogenic, Samples, TFs, Transcription Factors, Tumor classification},
  language = {eng},
  month    = feb,
  pages    = {144168},
  pmid     = {31759986},
  title    = {Analysis of the microarray gene expression for breast cancer progression after the application modified logistic regression},
  volume   = {726},
  year     = {2020}
}

@article{mori_deep_2021,
  author   = {Mori, Yasukuni and Yokota, Hajime and Hoshino, Isamu and Iwatate, Yosuke and Wakamatsu, Kohei and Uno, Takashi and Suyari, Hiroki},
  doi      = {10.1038/s41598-021-95969-6},
  file     = {Texto completo:files/237/Mori et al. - 2021 - Deep learning-based gene selection in comprehensive gene analysis in pancreatic cancer.pdf:application/pdf},
  issn     = {2045-2322},
  journal  = {Sci Rep},
  keywords = {Aged, Carcinoma, Pancreatic Ductal, Case-Control Studies, Deep Learning, Female, Gene Expression Regulation, Neoplastic, Genes, Neoplasm, Humans, Kaplan-Meier Estimate, Male, Middle Aged, Pancreas, Pancreatic Neoplasms, Survival Analysis, Transcriptome},
  language = {eng},
  month    = aug,
  number   = {1},
  pages    = {16521},
  pmcid    = {PMC8363643},
  pmid     = {34389782},
  title    = {Deep learning-based gene selection in comprehensive gene analysis in pancreatic cancer},
  volume   = {11},
  year     = {2021}
}

@article{ni_long-term_2024,
  author     = {Ni, Ruijing and Su, Hang and Burnett, Richard T. and Guo, Yuming and Cheng, Yafang},
  copyright  = {https://www.elsevier.com/tdm/userlicense/1.0/},
  doi        = {10.1016/j.oneear.2024.09.022},
  issn       = {2590-3322},
  journal    = {One Earth},
  language   = {en},
  month      = nov,
  note       = {Publisher: Elsevier BV},
  number     = {11},
  pages      = {1953--1969},
  shorttitle = {Long-term exposure to PM2.5 has significant adverse effects on childhood and adult asthma},
  title      = {Long-term exposure to PM2.5 has significant adverse effects on childhood and adult asthma: A global meta-analysis and health impact assessment},
  url        = {https://linkinghub.elsevier.com/retrieve/pii/S2590332224004871},
  urldate    = {2025-07-20},
  volume     = {7},
  year       = {2024}
}

@article{orsmark-pietras_transcriptome_2013,
  author   = {Orsmark-Pietras, Christina and James, Anna and Konradsen, Jon R. and Nordlund, Bj\"orn and S\"derh\"all, Cilla and Pulkkinen, Ville and Pedroletti, Christophe and Daham, Kameran and Kupczyk, Maciek and Dahl\'en, Barbro and Kere, Juha and Dahl\'en, Sven-Erik and Hedlin, Gunilla and Mel\'en, Erik},
  doi      = {10.1183/09031936.00077712},
  issn     = {0903-1936, 1399-3003},
  journal  = {Eur Respir J},
  language = {en},
  month    = jul,
  note     = {Publisher: European Respiratory Society (ERS)},
  number   = {1},
  pages    = {65--78},
  title    = {Transcriptome analysis reveals upregulation of bitter taste receptors in severe asthmatics},
  url      = {https://publications.ersnet.org/lookup/doi/10.1183/09031936.00077712},
  urldate  = {2025-07-20},
  volume   = {42},
  year     = {2013}
}

@article{price_blood_2015,
  author     = {Price, David B. and Rigazio, Anna and Campbell, Jonathan D. and Bleecker, Eugene R. and Corrigan, Christopher J. and Thomas, Mike and Wenzel, Sally E. and Wilson, Andrew M. and Small, Mary Buatti and Gopalan, Gokul and Ashton, Valerie L. and Burden, Anne and Hillyer, Elizabeth V. and Kerkhof, Marjan and Pavord, Ian D.},
  doi        = {10.1016/S2213-2600(15)00367-7},
  file       = {Versão aceita:files/242/Price et al. - 2015 - Blood eosinophil count and prospective annual asthma disease burden a UK cohort study.pdf:application/pdf},
  issn       = {2213-2619},
  journal    = {Lancet Respir Med},
  keywords   = {Adolescent, Adrenal Cortex Hormones, Adult, Aged, Aged, 80 and over, Anti-Asthmatic Agents, Anti-Bacterial Agents, Asthma, Biomarkers, Child, Cohort Studies, Cost of Illness, Disease Progression, Eosinophils, Female, Humans, Leukocyte Count, Male, Middle Aged, Predictive Value of Tests, Regression Analysis, United Kingdom, Young Adult},
  language   = {eng},
  month      = nov,
  number     = {11},
  pages      = {849--858},
  pmid       = {26493938},
  shorttitle = {Blood eosinophil count and prospective annual asthma disease burden},
  title      = {Blood eosinophil count and prospective annual asthma disease burden: a UK cohort study},
  volume     = {3},
  year       = {2015}
}

@article{ren_zhike_2021,
  author   = {Ren, Yumei and Liu, Yuling and Wang, Shouchuan and Lei, Zhen and Yan, Yongbin and Guan, Xutao and Hou, Jianghong and Zhu, Shan and Shan, Haijun and Tian, Xinlei and Wang, Quan and Cao, Caihong and Zhang, Yingying and Ma, Yunfeng},
  doi      = {10.3892/etm.2021.10331},
  issn     = {1792-1015},
  journal  = {Exp Ther Med},
  keywords = {bronchial asthma, IL-6/janus kinase 2/STAT3 pathway, inflammation, zhike pingchuan granules},
  language = {eng},
  month    = aug,
  number   = {2},
  pages    = {899},
  pmcid    = {PMC8243345},
  pmid     = {34257712},
  title    = {Zhike pingchuan granules improve bronchial asthma by regulating the IL-6/JAK2/STAT3 pathway},
  volume   = {22},
  year     = {2021}
}

@article{skloot_asthma_2016,
  author     = {Skloot, Gwen S.},
  doi        = {10.1097/MCP.0000000000000225},
  issn       = {1531-6971},
  journal    = {Curr Opin Pulm Med},
  keywords   = {Asthma, Humans, Phenotype, Severity of Illness Index, Th2 Cells},
  language   = {eng},
  month      = jan,
  number     = {1},
  pages      = {3--9},
  pmid       = {26574717},
  shorttitle = {Asthma phenotypes and endotypes},
  title      = {Asthma phenotypes and endotypes: a personalized approach to treatment},
  volume     = {22},
  year       = {2016}
}

@article{vishnyakova_2022,
  author    = {Vishnyakova, Polina and Kuznetsova, Maria and Poltavets, Anastasiya and Fomina, Mariia and Kiseleva, Viktoriia and Muminova, Kamilla and Potapova, Alena and Khodzhaeva, Zulfiya and Pyregov, Alexey and Trofimov, Dmitry and Elchaninov, Andrey and Sukhikh, Gennady and Fatkhudinov, Timur},
  copyright = {https://creativecommons.org/licenses/by/4.0},
  doi       = {10.1038/s41598-022-19847-5},
  issn      = {2045-2322},
  journal   = {Sci Rep},
  language  = {en},
  month     = sep,
  note      = {Publisher: Springer Science and Business Media LLC},
  number    = {1},
  title     = {Distinct gene expression patterns for CD14++ and CD16++ monocytes in preeclampsia},
  url       = {https://www.nature.com/articles/s41598-022-19847-5},
  urldate   = {2025-07-21},
  volume    = {12},
  year      = {2022}
}

@article{vos_2020,
  author     = {GBD 2019 Diseases and Injuries Collaborators},
  doi        = {10.1016/S0140-6736(20)30925-9},
  file       = {Texto completo:files/249/GBD 2019 Diseases and Injuries Collaborators - 2020 - Global burden of 369 diseases and injuries in 204 countries and territories, 1990-2019 a systematic.pdf:application/pdf},
  issn       = {1474-547X},
  journal    = {Lancet},
  keywords   = {Adolescent, Adult, Age Distribution, Aged, Aged, 80 and over, Cause of Death, Child, Child, Preschool, Disability-Adjusted Life Years, Female, Global Burden of Disease, Humans, Infant, Infant, Newborn, Male, Middle Aged, Risk Factors, Spatial Analysis, Young Adult},
  language   = {eng},
  month      = oct,
  number     = {10258},
  pages      = {1204--1222},
  pmcid      = {PMC7567026},
  pmid       = {33069326},
  shorttitle = {Global burden of 369 diseases and injuries in 204 countries and territories, 1990-2019},
  title      = {Global burden of 369 diseases and injuries in 204 countries and territories, 1990-2019: a systematic analysis for the Global Burden of Disease Study 2019},
  volume     = {396},
  year       = {2020}
}

@article{zheng_regional_2018,
  author     = {Zheng, Xue-Yan and Xu, Yan-Jun and Guan, Wei-Jie and Lin, Li-Feng},
  doi        = {10.1007/s00705-017-3700-y},
  issn       = {1432-8798},
  journal    = {Arch Virol},
  keywords   = {Adenoviridae, Africa, Age Factors, Americas, Asia, Asthma, Coronavirus, Cytomegalovirus, Enterovirus, Europe, Human bocavirus, Humans, Metapneumovirus, Prevalence, Respiratory Syncytial Virus, Human, Respiratory System, Respiratory Tract Infections, Respirovirus, Rhinovirus, Simplexvirus, Virus Diseases},
  language   = {eng},
  month      = apr,
  number     = {4},
  pages      = {845--853},
  pmcid      = {PMC7087223},
  pmid       = {29327237},
  shorttitle = {Regional, age and respiratory-secretion-specific prevalence of respiratory viruses associated with asthma exacerbation},
  title      = {Regional, age and respiratory-secretion-specific prevalence of respiratory viruses associated with asthma exacerbation: a literature review},
  volume     = {163},
  year       = {2018}
}
